<record><leader>00000cas a22000007a 4500</leader><controlfield tag="001">10407750</controlfield><controlfield tag="008">840213d19021988moudn ne      0    0eng  </controlfield><datafield ind1=" " ind2=" " tag="010"><subfield code="a">sn 84020140 </subfield></datafield><datafield ind1=" " ind2=" " tag="040"><subfield code="a">DLC</subfield><subfield code="b">eng</subfield><subfield code="c">DLC</subfield><subfield code="d">NPT</subfield><subfield code="d">MQN</subfield><subfield code="d">NSD</subfield><subfield code="d">MQN</subfield><subfield code="d">OCLCQ</subfield><subfield code="d">DLC</subfield><subfield code="d">OCLCQ</subfield><subfield code="d">OCLCF</subfield></datafield><datafield ind1="1" ind2=" " tag="029"><subfield code="a">AU@</subfield><subfield code="b">000020603251</subfield></datafield><datafield ind1=" " ind2=" " tag="042"><subfield code="a">pcc</subfield></datafield><datafield ind1=" " ind2=" " tag="043"><subfield code="a">n-us-mo</subfield></datafield><datafield ind1="0" ind2=" " tag="130"><subfield code="a">St. Joseph gazette (Saint Joseph, Mo. : 1902 : Daily)</subfield></datafield><datafield ind1="1" ind2="0" tag="245"><subfield code="a">St. Joseph gazette.</subfield></datafield><datafield ind1="3" ind2="0" tag="246"><subfield code="a">Saint Joseph gazette</subfield></datafield><datafield ind1=" " ind2=" " tag="260"><subfield code="a">Saint Joseph, Mo. :</subfield><subfield code="b">[s.n.],</subfield><subfield code="c">1902-1988.</subfield></datafield><datafield ind1=" " ind2=" " tag="300"><subfield code="a">v.</subfield></datafield><datafield ind1=" " ind2=" " tag="310"><subfield code="a">Daily (except Sat. and Sun.)</subfield></datafield><datafield ind1="0" ind2=" " tag="362"><subfield code="a">Vol. 113, no. 89 (Mar. 30, 1902)-v. 144, no. 48 (June 30, 1988).</subfield></datafield><datafield ind1=" " ind2="0" tag="651"><subfield code="a">Saint Joseph (Mo.)</subfield><subfield code="v">Newspapers.</subfield></datafield><datafield ind1=" " ind2="7" tag="655"><subfield code="a">Newspapers.</subfield><subfield code="2">fast</subfield><subfield code="0">(OCoLC)fst01423814</subfield></datafield><datafield ind1=" " ind2="7" tag="651"><subfield code="a">Missouri</subfield><subfield code="z">Saint Joseph.</subfield><subfield code="2">fast</subfield><subfield code="0">(OCoLC)fst01211419</subfield></datafield><datafield ind1=" " ind2=" " tag="752"><subfield code="a">United States</subfield><subfield code="b">Missouri</subfield><subfield code="c">Buchanan</subfield><subfield code="d">Saint Joseph.</subfield></datafield><datafield ind1="0" ind2=" " tag="775"><subfield code="t">St. Joseph gazette (Saint Joseph, Mo. : 1902 : Weekly)</subfield><subfield code="w">(DLC)sn 86063681</subfield></datafield><datafield ind1="0" ind2="0" tag="780"><subfield code="t">St. Joseph gazette-herald</subfield><subfield code="w">(DLC)sn 86063680</subfield></datafield><datafield ind1="0" ind2="7" tag="785"><subfield code="t">St. Joseph news-press (Saint Joseph, Mo. : 1905)</subfield><subfield code="w">(DLC)sn 84020142</subfield></datafield><datafield ind1="0" ind2="7" tag="785"><subfield code="t">St. Joseph news-press/gazette</subfield><subfield code="x">0899-711X</subfield><subfield code="w">(DLC)sn 90061451</subfield></datafield></record>